@misc{abc,
    author = {Berkeley Logic Synthesis and Verification Group},
    title = {{ABC}: A System for Sequential Synthesis and Verification},
    howpublished = {\url{http://www.eecs.berkeley.edu/~alanmi/abc/}}
}

@misc{cryptol,
  author = {{Galois, Inc.}},
  title = {Cryptol},
  howpublished =
    {\\\url{http://www.galois.com/technology/communications\_security/cryptol}}
}

@misc{erkok10cryptol,
  author = {Levent Erk\"{o}k},
  title = {Programming in Cryptol},
  month = oct,
  year = {2010},
  organization = {Galois, Inc.}
}

@misc{erkok08eqcheck,
  author = {Levent Erk\"{o}k},
  title = {Equivalence and Safety Checking in Cryptol},
  month = aug,
  year = {2008},
  organization = {Galois, Inc.}
}
